<record><leader>00000cas a2200000 a 4500</leader><controlfield tag="001">32034468</controlfield><controlfield tag="007">hd bfu---baat</controlfield><controlfield tag="007">hd afu---bact</controlfield><controlfield tag="008">950222d18881900nbuwr nea     0    0eng d</controlfield><datafield ind1=" " ind2=" " tag="010"><subfield code="a">sn 95069156 </subfield></datafield><datafield ind1=" " ind2=" " tag="040"><subfield code="a">NVG</subfield><subfield code="b">eng</subfield><subfield code="c">NVG</subfield><subfield code="d">OCL</subfield><subfield code="d">OCLCQ</subfield><subfield code="d">OCLCF</subfield><subfield code="d">OCLCO</subfield></datafield><datafield ind1="1" ind2=" " tag="029"><subfield code="a">AU@</subfield><subfield code="b">000011579576</subfield></datafield><datafield ind1=" " ind2=" " tag="042"><subfield code="a">msc</subfield></datafield><datafield ind1=" " ind2=" " tag="043"><subfield code="a">n-us-nb</subfield></datafield><datafield ind1="0" ind2="0" tag="245"><subfield code="a">Gering weekly courier</subfield><subfield code="h">[microform].</subfield></datafield><datafield ind1="1" ind2="3" tag="246"><subfield code="a">Gering courier</subfield></datafield><datafield ind1="1" ind2="3" tag="246"><subfield code="a">Our home</subfield><subfield code="f">Nov. 22, 1889-Oct. 3, 1890</subfield></datafield><datafield ind1=" " ind2=" " tag="260"><subfield code="a">Gering, Cheyenne County, Neb. :</subfield><subfield code="b">Wood &amp; Bristol,</subfield><subfield code="c">1888-1900.</subfield></datafield><datafield ind1=" " ind2=" " tag="300"><subfield code="a">14 v.</subfield></datafield><datafield ind1=" " ind2=" " tag="310"><subfield code="a">Weekly</subfield></datafield><datafield ind1="0" ind2=" " tag="362"><subfield code="a">Vol. 1, no. 43 (Feb. 16, 1888)-14th year, no. 15 (July 27, 1900).</subfield></datafield><datafield ind1=" " ind2=" " tag="533"><subfield code="a">Microfilm.</subfield><subfield code="m">1888-1900:[Gaps]</subfield><subfield code="b">[Lincoln, Neb. :</subfield><subfield code="c">Nebraska State Historical Society].</subfield><subfield code="e">3 microfilm reels ; 35 mm.</subfield></datafield><datafield ind1=" " ind2="0" tag="651"><subfield code="a">Gering (Neb.)</subfield><subfield code="v">Newspapers.</subfield></datafield><datafield ind1=" " ind2="7" tag="655"><subfield code="a">Newspapers.</subfield><subfield code="2">fast</subfield><subfield code="0">(OCoLC)fst01423814</subfield></datafield><datafield ind1=" " ind2="7" tag="651"><subfield code="a">Nebraska</subfield><subfield code="z">Gering.</subfield><subfield code="2">fast</subfield><subfield code="0">(OCoLC)fst01228722</subfield></datafield><datafield ind1=" " ind2=" " tag="752"><subfield code="a">United States</subfield><subfield code="b">Nebraska</subfield><subfield code="c">Scotts Bluff</subfield><subfield code="d">Gering.</subfield></datafield><datafield ind1=" " ind2=" " tag="752"><subfield code="a">United States</subfield><subfield code="b">Nebraska</subfield><subfield code="c">Cheyenne</subfield><subfield code="d">Gering.</subfield></datafield><datafield ind1="0" ind2="0" tag="780"><subfield code="t">Gering courier</subfield><subfield code="w">(DLC)sn 95069155</subfield></datafield><datafield ind1="0" ind2="5" tag="780"><subfield code="t">Our home (Minatare, Neb.)</subfield></datafield><datafield ind1="0" ind2="0" tag="785"><subfield code="t">Gering courier (Gering, Neb. : 1900)</subfield><subfield code="w">(DLC)sn 95069157</subfield></datafield></record>